<?xml version="1.0"?>
<record xmlns="http://www.loc.gov/MARC21/slim">
  <leader>02250cas a2200457 a 4500</leader>
  <controlfield tag="001">examenenvuedudip2002albe</controlfield>
  <controlfield tag="003">CaSfIA</controlfield>
  <controlfield tag="005">20160428201448.0</controlfield>
  <controlfield tag="007">cr||||||||||||</controlfield>
  <controlfield tag="008">031104d20012002abcfr p      s0   b0fre  </controlfield>
  <datafield tag="016" ind1=" " ind2=" ">
    <subfield code="a">20048011630</subfield>
  </datafield>
  <datafield tag="022" ind1="0" ind2=" ">
    <subfield code="a">1711-3369</subfield>
  </datafield>
  <datafield tag="040" ind1=" " ind2=" ">
    <subfield code="a">CaOONL</subfield>
    <subfield code="b">fre</subfield>
    <subfield code="c">CaOONL</subfield>
    <subfield code="d">CaOONL</subfield>
    <subfield code="d">AEU</subfield>
    <subfield code="d">CaSfIA</subfield>
  </datafield>
  <datafield tag="042" ind1=" " ind2=" ">
    <subfield code="a">nlc</subfield>
    <subfield code="a">isds/c</subfield>
  </datafield>
  <datafield tag="043" ind1=" " ind2=" ">
    <subfield code="a">n-cn-ab</subfield>
  </datafield>
  <datafield tag="082" ind1="1" ind2=" ">
    <subfield code="a">510</subfield>
    <subfield code="2">14</subfield>
  </datafield>
  <datafield tag="090" ind1=" " ind2=" ">
    <subfield code="a">371.262 E953</subfield>
    <subfield code="b">AEUSJ</subfield>
  </datafield>
  <datafield tag="210" ind1="0" ind2=" ">
    <subfield code="a">Exam. vue dipl&#xF4;me 12e ann&#xE9;e, Math. pures 30</subfield>
  </datafield>
  <datafield tag="222" ind1=" " ind2="0">
    <subfield code="a">Examen en vue du dipl&#xF4;me 12e ann&#xE9;e. Math&#xE9;matiques pures 30</subfield>
  </datafield>
  <datafield tag="245" ind1="0" ind2="0">
    <subfield code="a">Examen en vue du dipl&#xF4;me 12e ann&#xE9;e.</subfield>
    <subfield code="p">Math&#xE9;matiques pures 30.</subfield>
    <subfield code="h">[electronic resource] </subfield>
  </datafield>
  <datafield tag="246" ind1="3" ind2="0">
    <subfield code="a">Math&#xE9;matiques pures 30</subfield>
  </datafield>
  <datafield tag="246" ind1="3" ind2=" ">
    <subfield code="a">Math&#xE9;matiques pures 30, examen en vue du dipl&#xF4;me 12e ann&#xE9;e</subfield>
  </datafield>
  <datafield tag="260" ind1=" " ind2=" ">
    <subfield code="a">Edmonton :</subfield>
    <subfield code="b">Alberta Learning, Learner Assessment Branch,</subfield>
    <subfield code="c">[2001-2002?]</subfield>
  </datafield>
  <datafield tag="300" ind1=" " ind2=" ">
    <subfield code="a">v. :</subfield>
    <subfield code="b">ill. ;</subfield>
    <subfield code="c">28 cm.</subfield>
  </datafield>
  <datafield tag="310" ind1=" " ind2=" ">
    <subfield code="a">Semestriel</subfield>
  </datafield>
  <datafield tag="362" ind1="1" ind2=" ">
    <subfield code="a">Para&#xEE;t depuis janv. 2001; ne para&#xEE;t plus apr&#xE8;s la livr. de janv. 2002?</subfield>
  </datafield>
  <datafield tag="500" ind1=" " ind2=" ">
    <subfield code="a">Description d'apr&#xE8;s: Juin 2001; titre pris sur la couv.</subfield>
  </datafield>
  <datafield tag="588" ind1=" " ind2=" ">
    <subfield code="a">Latest issue consulted: Janvier 2002.</subfield>
  </datafield>
  <datafield tag="590" ind1=" " ind2=" ">
    <subfield code="a">Approved for use in Alberta schools.</subfield>
  </datafield>
  <datafield tag="596" ind1=" " ind2=" ">
    <subfield code="a">39</subfield>
  </datafield>
  <datafield tag="650" ind1=" " ind2="6">
    <subfield code="a">Math&#xE9;matiques</subfield>
    <subfield code="z">Alberta</subfield>
    <subfield code="v">Examens.</subfield>
  </datafield>
  <datafield tag="650" ind1=" " ind2="6">
    <subfield code="a">Douzi&#xE8;me ann&#xE9;e (Education)</subfield>
    <subfield code="z">Alberta</subfield>
    <subfield code="v">Examens</subfield>
  </datafield>
  <datafield tag="650" ind1=" " ind2="0">
    <subfield code="a">Mathematics</subfield>
    <subfield code="z">Alberta</subfield>
    <subfield code="v">Examinations, questions, etc.</subfield>
  </datafield>
  <datafield tag="650" ind1=" " ind2="0">
    <subfield code="a">Twelfth grade (Education)</subfield>
    <subfield code="z">Alberta</subfield>
    <subfield code="v">Examinations.</subfield>
  </datafield>
  <datafield tag="710" ind1="1" ind2=" ">
    <subfield code="a">Alberta.</subfield>
    <subfield code="b">Learner Assessment Branch.</subfield>
  </datafield>
  <datafield tag="775" ind1="0" ind2=" ">
    <subfield code="t">Grade 12 diploma examination. Pure mathematics 30.</subfield>
    <subfield code="d">Edmonton : Alberta Learning, Learner Assessment Branch, [2001]-</subfield>
    <subfield code="e">eng</subfield>
    <subfield code="f">abc</subfield>
    <subfield code="x">1709-6537</subfield>
    <subfield code="w">(CaOONL)20038046881 </subfield>
    <subfield code="w">(OCoLC)ocm53812968</subfield>
  </datafield>
  <datafield tag="780" ind1="0" ind2="1">
    <subfield code="t">Examen en vue du dipl&#xF4;me douzi&#xE8;me ann&#xE9;e. Math&#xE9;matiques 30.</subfield>
    <subfield code="d">Edmonton : Alberta Education, Student Evaluation Branch, [1987-2000]</subfield>
    <subfield code="x">1193-1167</subfield>
    <subfield code="w">(CaOONL) 920822916  r&#xE9;v</subfield>
    <subfield code="w">(OCoLC)ocm26498122 </subfield>
    <subfield code="w">(OCoLC)ocm26498122 </subfield>
    <subfield code="w">(OCoLC)ocm26498122 </subfield>
    <subfield code="w">(OCoLC)ocm26498122</subfield>
  </datafield>
  <datafield tag="856" ind1="4" ind2="1">
    <subfield code="u">http://archive.org/details/examenenvuedudip2002albe</subfield>
    <subfield code="z">Free eBook from the Internet Archive</subfield>
    <subfield code="3">Volume 2002:Jan</subfield>
  </datafield>
</record>
